% This BibTeX bibliography file was created using BibDesk.
% http://bibdesk.sourceforge.net/

% Created for Mahsa Moosavi at 2017-06-15 11:32:13 -0400 


% Saved with string encoding Unicode (UTF-8) 


@article{yuevaluating,
  title={Evaluating web PKIs},
  author={Yu, Jiangshan and Ryan, Mark}
}

@article{ellison1999nature,
  title={The nature of a useable PKI},
  author={Ellison, Carl M},
  journal={Computer Networks},
  volume={31},
  number={8},
  pages={823--830},
  year={1999},
  publisher={Elsevier}
}

@article{perlman1999overview,
  title={An overview of PKI trust models},
  author={Perlman, Radia},
  journal={IEEE network},
  volume={13},
  number={6},
  pages={38--43},
  year={1999},
  publisher={IEEE}
}

@techreport{housley2002internet,
  title={Internet X. 509 public key infrastructure certificate and certificate revocation list (CRL) profile},
  author={Housley, Russell and Polk, William and Ford, Warwick and Solo, David},
  year={2002}
}

@article{wenbo2004modern,
  title={Modern cryptography: theory and practice},
  author={Wenbo, Mao},
  journal={Publisher: Prentice Hall PTR, Copyright: Hewlett Packard},
  year={2004}
}

@book{adams2003understanding,
  title={Understanding PKI: concepts, standards, and deployment considerations},
  author={Adams, Carlisle and Lloyd, Steve},
  year={2003},
  publisher={Addison-Wesley Professional}
}


@book{vacca2004public,
  title={Public key infrastructure: building trusted applications and Web services},
  author={Vacca, John R},
  year={2004},
  publisher={CRC Press}
}

@misc{Iranianh33:online,
author = {},
title = {Iranian hackers obtain fraudulent HTTPS certificates: How close to a Web security meltdown did we get? | Electronic Frontier Foundation},
howpublished ={\url{https://www.eff.org/deeplinks/2011/03/iranian-hackers-obtain-fraudulent-https}},
month = {},
year = {},
note = {(Accessed on 01/15/2018)}
}

@misc{IranianM82:online,
author = {},
title = {Iranian Man-in-the-Middle Attack Against Google Demonstrates Dangerous Weakness of Certificate Authorities | Electronic Frontier Foundation},
howpublished = {\url{https://www.eff.org/deeplinks/2011/08/iranian-man-middle-attack-against-google}},
month = {},
year = {},
note = {(Accessed on 06/15/2017)}
}

@misc{Howbitco41:online,
author = {},
title = {How bitcoin mining works - CoinDesk},
howpublished = {\url{http://www.coindesk.com/information/how-bitcoin-mining-works/}},
month = {},
year = {},
note = {(Accessed on 06/15/2017)}
}

@misc{Ethereum89:online,
author = {},
title = {Ethereum Launches ‘Cryptocurrency 2.0’ Network},
howpublished = {\url{http://www.coindesk.com/ethererum-launches-cryptocurrency-2-0-network/}},
month = {},
year = {},
note = {(Accessed on 06/15/2017)}
}


@misc{ComodoRe52:online,
author = {},
title = {Comodo Report of Incident - Comodo detected and thwarted an intrusion on 26-MAR-2011},
howpublished = {\url{https://www.comodo.com/Comodo-Fraud-Incident-2011-03-23.html}},
month = {},
year = {},
note = {(Accessed on 07/11/2017)}
}

@misc{wwwrijks25:online,
author = {},
title = {www.rijksoverheid.nl/bestanden/documenten-en-publicaties/rapporten/2012/08/13/black-tulip-update/black-tulip-update.pdf - Google Search},
howpublished = {\url{https://www.google.ca/?gfe_rd=cr\&ei=NDJlWYaPKcGR8QfazIfoAw\#q=www.rijksoverheid.nl/bestanden/documenten-en-publicaties/rapporten/2012/08/13/black-tulip-update/black-tulip-update.pdf+}},
month = {},
year = {},
note = {(Accessed on 07/11/2017)}
}

@misc{GoogleOn40:online,
author = {},
title = {Google Online Security Blog: Enhancing digital certificate security},
howpublished = {\url{https://security.googleblog.com/2013/01/enhancing-digital-certificate-security.html}},
month = {},
year = {},
note = {(Accessed on 07/11/2017)}
}

@misc{GoogleOn64:online,
author = {},
title = {Google Online Security Blog: Further improving digital certificate security},
howpublished = {\url{https://security.googleblog.com/2013/12/further-improving-digital-certificate.html}},
month = {},
year = {},
note = {(Accessed on 07/11/2017)}
}


@misc{GoogleYa98:online,
author = {},
title = {Google, Yahoo, Skype targeted in attack linked to Iran - CNET},
howpublished = {\url{https://www.cnet.com/news/google-yahoo-skype-targeted-in-attack-linked-to-iran/}},
month = {},
year = {},
note = {(Accessed on 07/11/2017)}
}

@misc{Ethereum41:online,
author = {},
title = {Ethereum Development Tutorial · ethereum/wiki Wiki},
howpublished = {\url{https://github.com/ethereum/wiki/wiki/Ethereum-Development-Tutorial}},
month = {},
year = {},
note = {(Accessed on 07/12/2017)}
}


@misc{kaminskypki,
  title={PKI Layer Cake: New Collision Attacks Against The Global X. 509 CA Infrastructure. Black Hat USA, August 2009},
  author={Kaminsky, Dan and Sassaman, Len and Patterson, Meredith}
}



@misc{BlackHat94:online,
author = {},
title = {BlackHat-DC-09-Marlinspike-Defeating-SSL.pdf},
howpublished = {\url{http://www.blackhat.com/presentations/bh-dc-09/Marlinspike/BlackHat-DC-09-Marlinspike-Defeating-SSL.pdf}},
month = {},
year = {},
note = {(Accessed on 10/16/2017)}
}

@misc{nakamoto2008bitcoin,
  title={Bitcoin: A peer-to-peer electronic cash system},
  author={Nakamoto, Satoshi},
  year={2008}
}

@article{lamport1982byzantine,
  title={The Byzantine generals problem},
  author={Lamport, Leslie and Shostak, Robert and Pease, Marshall},
  journal={ACM Transactions on Programming Languages and Systems (TOPLAS)},
  volume={4},
  number={3},
  pages={382--401},
  year={1982},
  publisher={ACM}
}


@misc{back2002hashcash,
  title={Hashcash-a denial of service counter-measure},
  author={Back, Adam and others},
  year={2002}
}

@incollection{jakobsson1999proofs,
  title={Proofs of work and bread pudding protocols},
  author={Jakobsson, Markus and Juels, Ari},
  booktitle={Secure Information Networks},
  pages={258--272},
  year={1999},
  publisher={Springer}
}

@article{buterin2014next,
  title={A next-generation smart contract and decentralized application platform},
  author={Buterin, Vitalik and others},
  journal={white paper},
  year={2014}
}


@article{szabo1997formalizing,
  title={Formalizing and securing relationships on public networks},
  author={Szabo, Nick},
  journal={First Monday},
  volume={2},
  number={9},
  year={1997}
}

@article{matsumoto2016ikp,
  title={IKP: Turning a PKI Around with Blockchains.},
  author={Matsumoto, Stephanos and Reischuk, Raphael M},
  journal={IACR Cryptology ePrint Archive},
  volume={2016},
  pages={1018},
  year={2016}
}



@article{lamport1998part,
  title={The part-time parliament},
  author={Lamport, Leslie},
  journal={ACM Transactions on Computer Systems (TOCS)},
  volume={16},
  number={2},
  pages={133--169},
  year={1998},
  publisher={ACM}
}




@article{wood2014ethereum,
  title={Ethereum: A secure decentralised generalised transaction ledger},
  author={Wood, Gavin},
  journal={Ethereum Project Yellow Paper},
  volume={151},
  year={2014}
}



@inproceedings{al2017scpki,
  title={SCPKI: A Smart Contract-based PKI and Identity System},
  author={Al-Bassam, Mustafa},
  booktitle={Proceedings of the ACM Workshop on Blockchain, Cryptocurrencies and Contracts},
  pages={35--40},
  year={2017},
  organization={ACM}
}

@article{eckersley2010observatory,
  title={An observatory for the SSLiverse},
  author={Eckersley, Peter and Burns, Jesse},
  journal={Talk at Defcon},
  volume={18},
  year={2010}
}

@inproceedings{soghoian2011certified,
  title={Certified lies: Detecting and defeating government interception attacks against ssl (short paper)},
  author={Soghoian, Christopher and Stamm, Sid},
  booktitle={International Conference on Financial Cryptography and Data Security},
  pages={250--259},
  year={2011},
  organization={Springer}
}

@misc{Alternat16:online,
author = {},
title = {Alternative Methods of Domain Control Validation (DCV) - Powered by Kayako Help Desk Software},
howpublished = {\url{https://support.comodo.com/index.php?/Knowledgebase/Article/View/791/0/alternative-methods-of-domain-control-validation-dcv}},
month = {},
year = {},
note = {(Accessed on 10/16/2017)}
}

@article{haldermanfast,
  title={Fast Internet-wide scanning and its security applications},
  author={Halderman, J Alex}
}

@inproceedings{durumeric2013analysis,
  title={Analysis of the HTTPS certificate ecosystem},
  author={Durumeric, Zakir and Kasten, James and Bailey, Michael and Halderman, J Alex},
  booktitle={Proceedings of the 2013 conference on Internet measurement conference},
  pages={291--304},
  year={2013},
  organization={ACM}
}

@misc{SSLCerti90:online,
author = {},
title = {SSL Certificates · rapid7/sonar Wiki · GitHub},
howpublished = {\url{https://github.com/rapid7/sonar/wiki/SSL-Certificates}},
month = {},
year = {},
note = {(Accessed on 10/23/2017)}
}

@misc{MoreSSLC62:online,
author = {},
title = {More SSL Certificates · rapid7/sonar Wiki · GitHub},
howpublished = {\url{https://github.com/rapid7/sonar/wiki/More-SSL-Certificates}},
month = {},
year = {},
note = {(Accessed on 10/23/2017)}
}

@article{zusman2009criminal,
  title={Criminal charges are not pursued: Hacking PKI},
  author={Zusman, Mike},
  journal={DEFCON 17},
  year={2009}
}

@misc{Emailhac80:online,
author = {},
title = {Email hacking - Wikipedia},
howpublished = {\url{https://en.wikipedia.org/wiki/Email_hacking}},
month = {},
year = {},
note = {(Accessed on 10/30/2017)}
}

@inproceedings{liu2016all,
  title={All Your DNS Records Point to Us: Understanding the Security Threats of Dangling DNS Records},
  author={Liu, Daiping and Hao, Shuai and Wang, Haining},
  booktitle={Proceedings of the 2016 ACM SIGSAC Conference on Computer and Communications Security},
  pages={1414--1425},
  year={2016},
  organization={ACM}
}

@article{son2010hitchhiker,
  title={The hitchhiker’s guide to DNS cache poisoning},
  author={Son, Sooel and Shmatikov, Vitaly},
  journal={Security and Privacy in Communication Networks},
  pages={466--483},
  year={2010},
  publisher={Springer}
}

@misc{ wiki:Domain\_name\_registrar,
   author = "Wikipedia",
   title = "{Domain name registrar} --- {W}ikipedia{,} The Free Encyclopedia",
   year = "2017",
   howpublished = {\url{http://en.wikipedia.org/w/index.php?title=Domain\%20name\%20registrar&oldid=795971812}},
   note = "[Online; accessed 21-August-2017]"
 }
 
 @misc{Namecoin84:online,
author = {},
title = {Namecoin},
howpublished = {\url{https://namecoin.org/}},
month = {},
year = {},
note = {(Accessed on 08/21/2017)}
}


@misc{Home77:online,
author = {},
title = {Home},
howpublished = {\url{http://www.ethereum-alarm-clock.com/}},
month = {},
year = {},
note = {(Accessed on 08/29/2017)}
}

@inproceedings{kalodner2015empirical,
  title={An Empirical Study of Namecoin and Lessons for Decentralized Namespace Design.},
  author={Kalodner, Harry A and Carlsten, Miles and Ellenbogen, Paul and Bonneau, Joseph and Narayanan, Arvind},
  booktitle={WEIS},
  year={2015}
}

@inproceedings{basin2014arpki,
  title={ARPKI: Attack resilient public-key infrastructure},
  author={Basin, David and Cremers, Cas and Kim, Tiffany Hyun-Jin and Perrig, Adrian and Sasse, Ralf and Szalachowski, Pawel},
  booktitle={Proceedings of the 2014 ACM SIGSAC Conference on Computer and Communications Security},
  pages={382--393},
  year={2014},
  organization={ACM}
}

@inproceedings{kim2013accountable,
  title={Accountable key infrastructure (AKI): A proposal for a public-key validation infrastructure},
  author={Kim, Tiffany Hyun-Jin and Huang, Lin-Shung and Perrig, Adrian and Jackson, Collin and Gligor, Virgil},
  booktitle={Proceedings of the 22nd international conference on World Wide Web},
  pages={679--690},
  year={2013},
  organization={ACM}
}


@techreport{laurie2013certificate,
  title={Certificate transparency},
  author={Laurie, Ben and Langley, Adam and Kasper, Emilia},
  year={2013}
}


@article{cheval2014dtki,
  title={DTKI: a new formalized PKI with no trusted parties},
  author={Cheval, Vincent and Ryan, Mark and Yu, Jiangshan},
  journal={arXiv preprint arXiv:1408.1023},
  year={2014},
  publisher={Citeseer}
}

@article{fromknecht2014certcoin,
  title={CertCoin: A NameCoin Based Decentralized Authentication System 6.857 Class Project},
  author={Fromknecht, Conner and Velicanu, Dragos and Yakoubov, Sophia},
  year={2014}
}

@inproceedings{ali2016blockstack,
  title={Blockstack: A Global Naming and Storage System Secured by Blockchains.},
  author={Ali, Muneeb and Nelson, Jude C and Shea, Ryan and Freedman, Michael J},
  booktitle={USENIX Annual Technical Conference},
  pages={181--194},
  year={2016}
}

@misc{Mutan·et50:online,
author = {},
title = {Mutan · ethereum/go-ethereum Wiki · GitHub},
howpublished = {\url{https://github.com/ethereum/go-ethereum/wiki/Mutan}},
month = {},
year = {},
note = {(Accessed on 11/06/2017)}
}

@misc{LLLPoC6·23:online,
author = {},
title = {LLL PoC 6 · ethereum/cpp-ethereum Wiki · GitHub},
howpublished = {\url{https://github.com/ethereum/cpp-ethereum/wiki/LLL-PoC-6/7a575cf91c4572734a83f95e970e9e7ed64849ce}},
month = {},
year = {},
note = {(Accessed on 11/06/2017)}
}

@misc{Serpent·19:online,
author = {},
title = {Serpent · ethereum/wiki Wiki · GitHub},
howpublished = {\url{https://github.com/ethereum/wiki/wiki/Serpent}},
month = {},
year = {},
note = {(Accessed on 11/06/2017)}
}

@misc{Solidity87:online,
author = {},
title = {Solidity — Solidity 0.4.19 documentation},
howpublished = {\url{http://solidity.readthedocs.io/en/latest/}},
month = {},
year = {},
note = {(Accessed on 11/06/2017)}
}
@misc{Ethash·e70:online,
author = {},
title = {Ethash · ethereum/wiki Wiki · GitHub},
howpublished = {\url{https://github.com/ethereum/wiki/wiki/Ethash}},
month = {},
year = {},
note = {(Accessed on 11/06/2017)}
}
@misc{GitHubet61:online,
author = {},
title = {GitHub - ethereum/ropsten: Ropsten public testnet PoW chain},
howpublished = {\url{https://github.com/ethereum/ropsten}},
month = {},
year = {},
note = {(Accessed on 11/20/2017)}
}

@inproceedings{luu2016making,
	Author = {Luu, Loi and Chu, Duc-Hiep and Olickel, Hrishi and Saxena, Prateek and Hobor, Aquinas},
	Booktitle = {Proceedings of the 2016 ACM SIGSAC Conference on Computer and Communications Security},
	Organization = {ACM},
	Pages = {254--269},
	Title = {Making smart contracts smarter},
	Year = {2016}}

@inproceedings{DKBH13,
	Author = {Zakir Durumeric and James Kasten and Michael Bailey and J. Alex Halderman},
	Booktitle = {IMC},
	Date-Added = {2013-10-18 03:10:28 +0000},
	Date-Modified = {2013-10-18 03:11:10 +0000},
	Title = {Analysis of the HTTPS Certificate Ecosystem},
	Year = {2013}}
	
@inproceedings{HBKC11,
	Author = {Ralph Holz and Lothar Braun and Nils Kammenhuber and Georg Carle},
	Booktitle = {IMC},
	Date-Added = {2013-03-01 22:26:13 +0000},
	Date-Modified = {2013-03-01 22:27:22 +0000},
	Title = {The {SSL} Landscape: A Thorough Analysis of the {X.509} {PKI} Using Active and Passive Measurements},
	Year = {2011}}
	
@inproceedings{CO13,
	Author = {J. Clark and P.C. {van} Oorschot},
	Booktitle = {IEEE S\&P},
	Date-Added = {2018-01-12 21:30:51 +0000},
	Date-Modified = {2018-01-12 21:30:51 +0000},
	Title = {{SSL} and {HTTPS}: Revisiting Past Challenges and Evaluating Certificate Trust Model Enhancements},
	Year = {2013}}
	
@inproceedings{myers1998revocatoin,
	Author = {Myers, Michael},
	Booktitle = {Financial Cryptography},
	Organization = {Springer},
	Pages = {165--171},
	Title = {Revocatoin: Options and challenges},
	Year = {1998}}

@article{topalovic2012towards,
	Author = {Topalovic, Emin and Saeta, Brennan and Huang, Lin-Shung and Jackson, Collin and Boneh, Dan},
	Journal = {Web 2.0 Security and Privacy},
	Title = {Towards short-lived certificates},
	Year = {2012}}
	
@inproceedings{WAP08,
	Author = {D. Wendlandt and D. G. Andersen and A. Perrig},
	Booktitle = {USENIX Annual Tech},
	Date-Added = {2011-10-13 13:42:52 -0400},
	Date-Modified = {2012-07-12 13:36:19 -0400},
	Title = {Perspectives: Improving {SSH}-style Host Authentication with Multi-Path Probing},
	Year = {2008}}
	
@conference{Mar11,
	Author = {M. Marlinspike},
	Booktitle = {Black Hat USA},
	Date-Added = {2011-10-13 14:25:52 -0400},
	Date-Modified = {2011-10-13 19:28:37 -0400},
	Title = {{SSL} And The Future Of Authenticity},
	Year = {2011}}

@article{diffie1976new,
  title={New directions in cryptography},
  author={Diffie, Whitfield and Hellman, Martin},
  journal={IEEE transactions on Information Theory},
  volume={22},
  number={6},
  pages={644--654},
  year={1976},
  publisher={IEEE}
}


@book{pfleeger2002security,
  title={Security in computing},
  author={Pfleeger, Charles P and Pfleeger, Shari Lawrence},
  year={2002},
  publisher={Prentice Hall Professional Technical Reference}
}

@book{schneier2007applied,
  title={Applied cryptography: protocols, algorithms, and source code in C},
  author={Schneier, Bruce},
  year={2007},
  publisher={john wiley \& sons}
}

@article{arsenault2002internet,
  title={Internet X. 509 public key infrastructure: Roadmap},
  author={Arsenault, Alfred and Turner, Sean},
  journal={PKIX Working Group Internet Draft},
  pages={1--55},
  year={2002}
}

@article{axon2016pb,
	Author = {Axon, LM and Goldsmith, Michael},
	Title = {PB-PKI: a privacy-aware blockchain-based PKI},
	Year = {2016}}


@article{laurie2014certificate,
	Author = {Laurie, Ben},
	Journal = {Queue},
	Number = {8},
	Pages = {10},
	Publisher = {ACM},
	Title = {Certificate transparency},
	Volume = {12},
	Year = {2014}}
	
	
@misc{giteffor4:online,
	Howpublished = {\url{https://git.eff.org/?p=sovereign-keys.git;a=blob;f=sovereign-key-design.txt;hb=HEAD}},
	Note = {(Accessed on 01/10/2018)},
	Title = {git.eff.org Git - sovereign-keys.git/blob - sovereign-key-design.txt}}

@inproceedings{melara2015coniks,
	Author = {Melara, Marcela S and Blankstein, Aaron and Bonneau, Joseph and Felten, Edward W and Freedman, Michael J},
	Booktitle = {USENIX Security Symposium},
	Pages = {383--398},
	Title = {CONIKS: Bringing Key Transparency to End Users.},
	Year = {2015}}
	
@inproceedings{bonneau2016ethiks,
	Author = {Bonneau, Joseph},
	Booktitle = {International Conference on Financial Cryptography and Data Security},
	Organization = {Springer},
	Pages = {95--105},
	Title = {EthIKS: Using Ethereum to audit a CONIKS key transparency log},
	Year = {2016}}

@misc{hardjonoverifiable,
	Author = {Hardjono, Thomas and Pentland, Alex Sandy},
	Title = {Verifiable Anonymous Identities and Access Control in Permissioned Blockchains}}

@inproceedings{syta2016keeping,
	Author = {Syta, Ewa and Tamas, Iulia and Visher, Dylan and Wolinsky, David Isaac and Jovanovic, Philipp and Gasser, Linus and Gailly, Nicolas and Khoffi, Ismail and Ford, Bryan},
	Booktitle = {Security and Privacy (SP), 2016 IEEE Symposium on},
	Organization = {Ieee},
	Pages = {526--545},
	Title = {Keeping authorities" honest or bust" with decentralized witness cosigning},
	Year = {2016}}


@article{rescorla2000http,
  title={Http over tls},
  author={Rescorla, Eric},
  year={2000}
}

@book{rescorla2001ssl,
  title={SSL and TLS: designing and building secure systems},
  author={Rescorla, Eric},
  volume={1},
  year={2001},
  publisher={Addison-Wesley Reading}
}


@article{kulynych2017claimchain,
  title={ClaimChain: Decentralized Public Key Infrastructure},
  author={Kulynych, Bogdan and Isaakidis, Marios and Troncoso, Carmela and Danezis, George},
  journal={arXiv preprint arXiv:1707.06279},
  year={2017}
}

@inproceedings{de2016killed,
  title={Killed by proxy: Analyzing client-end TLS interception software},
  author={de Carnavalet, X de Carn{\'e} and Mannan, Mohammad},
  booktitle={Network and Distributed System Security Symposium},
  year={2016}
}



@misc{GoDaddyo45:online,
author = {},
title = {GoDaddy owns up to role in epic Twitter account hijacking | PCWorld},
howpublished = {\url{https://www.pcworld.com/article/2093100/godaddy-owns-up-to-role-in-twitter-account-hijacking-incident.html}},
month = {},
year = {},
note = {(Accessed on 02/13/2018)}
}


@inproceedings{chase2016transparency,
	Author = {Chase, Melissa and Meiklejohn, Sarah},
	Booktitle = {Proceedings of the 2016 ACM SIGSAC Conference on Computer and Communications Security},
	Organization = {ACM},
	Pages = {168--179},
	Title = {Transparency overlays and applications},
	Year = {2016}}

@misc{Home41:online,
	Howpublished = {\url{http://www.ethereum-alarm-clock.com/}},
	Note = {(Accessed on 12/29/2017)},
	Title = {Home}}




